[gd_resource type="Resource" script_class="dialogue_pack" load_steps=56 format=3 uid="uid://d0wp55vgvmf2v"]

[ext_resource type="Script" path="res://scripts/dialogue_things.gd" id="1_b7arh"]
[ext_resource type="Texture2D" uid="uid://dic7yq3kmsl6u" path="res://pictures/black.png" id="1_mexuj"]
[ext_resource type="Script" path="res://scripts/dialogue_pack.gd" id="2_e2qsu"]
[ext_resource type="Texture2D" uid="uid://bewc0c3wkx7gw" path="res://pictures/rooftop.png" id="3_ogf6x"]
[ext_resource type="Texture2D" uid="uid://ygsn21k14wh3" path="res://pictures/Lotus_nothing.png" id="4_6utgm"]
[ext_resource type="Texture2D" uid="uid://bjttqyoc1n0cv" path="res://pictures/Lotus_normal.png" id="4_e6fcw"]
[ext_resource type="Texture2D" uid="uid://dncladg0y8qqf" path="res://pictures/Inory.png" id="5_vf4rn"]
[ext_resource type="Texture2D" uid="uid://6pwubyd7frda" path="res://pictures/Lotus_smile.png" id="6_vf4bu"]

[sub_resource type="Resource" id="Resource_5vpb8"]
script = ExtResource("1_b7arh")
character_name = "日记"
content = "”现在是，2033年11月15日。连绵的阴云压在我的头顶上。“"
background = ExtResource("1_mexuj")

[sub_resource type="Resource" id="Resource_5tyxu"]
script = ExtResource("1_b7arh")
character_name = "日记"
content = "”我扒着天台的铁丝网栅栏试图理解下面的场景。“"
background = ExtResource("1_mexuj")

[sub_resource type="Resource" id="Resource_rlqvh"]
script = ExtResource("1_b7arh")
character_name = "日记"
content = "”视野内的街道塞满了灰绿色皮肤的人型生物，它们像黄金周的游客一样漫无目的地缓慢移动着……按照我的小说阅读经验，它们应该被称为丧尸吧？“"
background = ExtResource("1_mexuj")

[sub_resource type="Resource" id="Resource_icppq"]
script = ExtResource("1_b7arh")
character_name = "日记"
content = "“距离世界毁灭已经过去了十四天，但我还是没法理解发生了什么事。”"
background = ExtResource("1_mexuj")

[sub_resource type="Resource" id="Resource_b6di3"]
script = ExtResource("1_b7arh")
character_name = "日记"
content = "”所以，对于‘我现在该做什么’这个问题，我也没有答案。即使我清楚遇上丧尸就是一个死。“"
background = ExtResource("1_mexuj")

[sub_resource type="Resource" id="Resource_iksqq"]
script = ExtResource("1_b7arh")
character_name = "日记"
content = "“也许去死也不错。毕竟我只是一个普通的高中生，死了也没什么大不了的。”"
background = ExtResource("1_mexuj")

[sub_resource type="Resource" id="Resource_6sr0m"]
script = ExtResource("1_b7arh")
character_name = "日记"
content = "“而且我已经在末世的不能再末世的世界里活了十四天，大概已经很厉害了？”"
background = ExtResource("1_mexuj")

[sub_resource type="Resource" id="Resource_kbsad"]
script = ExtResource("1_b7arh")
character_name = "日记"
content = "“怀抱着这样的想法，丧尸布满黑色斑点的皮肤似乎都美丽起来了……我呸（划掉）”"
background = ExtResource("1_mexuj")

[sub_resource type="Resource" id="Resource_lg5v7"]
script = ExtResource("1_b7arh")
character_name = "日记"
content = "”我的心情好像来了个断崖式下跌。思绪开始不受控地飘向十几天前平静的生活，父母、学校、家里的猫……“"
background = ExtResource("1_mexuj")

[sub_resource type="Resource" id="Resource_thwvq"]
script = ExtResource("1_b7arh")
character_name = ""
content = "写到这里的时候，天台的门发出了让人无法忽略的声音。"
background = ExtResource("1_mexuj")

[sub_resource type="Resource" id="Resource_588jg"]
script = ExtResource("1_b7arh")
character_name = ""
content = "我急忙把笔和本放进包里，之后起身。"
background = ExtResource("1_mexuj")

[sub_resource type="Resource" id="Resource_ssyjn"]
script = ExtResource("1_b7arh")
character_name = ""
content = "视线飘过封面上的签名，“洛塔斯”，张扬的字体。一看就是还想着自己是世界的主角那段时间写的。不过那没什么好关心的了。"
background = ExtResource("1_mexuj")

[sub_resource type="Resource" id="Resource_aeam4"]
script = ExtResource("1_b7arh")
character_name = ""
content = "…………"
background = ExtResource("1_mexuj")

[sub_resource type="Resource" id="Resource_1s5yl"]
script = ExtResource("1_b7arh")
character_name = ""
content = "我身上压根没有像样的武器，有也打不出多少伤害。我只能摆出一副严肃凶狠的表情，希望能有点作用。"
portrait = ExtResource("4_6utgm")
background = ExtResource("3_ogf6x")

[sub_resource type="Resource" id="Resource_7xjtp"]
script = ExtResource("1_b7arh")
character_name = ""
content = "我看到一个绿色的脑袋探了进来。她，大概？她推开门，站直。"
portrait = ExtResource("6_vf4bu")
background = ExtResource("3_ogf6x")

[sub_resource type="Resource" id="Resource_iudsc"]
script = ExtResource("1_b7arh")
character_name = ""
content = "我发觉我认错了。这是个男人，感觉有一米九以上的男人。脸还算年轻，但表情是与这张脸的年纪不符的平静与沉着。"
portrait = ExtResource("4_6utgm")
background = ExtResource("3_ogf6x")

[sub_resource type="Resource" id="Resource_6fs4u"]
script = ExtResource("1_b7arh")
character_name = ""
content = "我的脑子里跳过数十种对策，最后我选择——"
portrait = ExtResource("4_6utgm")
background = ExtResource("3_ogf6x")

[sub_resource type="Resource" id="Resource_7a8m6"]
script = ExtResource("1_b7arh")
character_name = "洛塔斯"
content = "呃，你好……？"
portrait = ExtResource("6_vf4bu")
background = ExtResource("3_ogf6x")

[sub_resource type="Resource" id="Resource_mca75"]
script = ExtResource("1_b7arh")
character_name = "？？？"
content = "你好。另外，我好像吓到你了。不好意思。"
portrait = ExtResource("5_vf4rn")
background = ExtResource("3_ogf6x")

[sub_resource type="Resource" id="Resource_q6j4q"]
script = ExtResource("1_b7arh")
character_name = "洛塔斯"
content = "（还挺有礼貌……）"
portrait = ExtResource("4_6utgm")
background = ExtResource("3_ogf6x")

[sub_resource type="Resource" id="Resource_2n6hj"]
script = ExtResource("1_b7arh")
character_name = "洛塔斯"
content = "……哈哈，所以你也是被这群丧尸逼上来的？"
portrait = ExtResource("6_vf4bu")
background = ExtResource("3_ogf6x")

[sub_resource type="Resource" id="Resource_v7b5b"]
script = ExtResource("1_b7arh")
character_name = "？？？"
content = "不是。我是来找你的。"
portrait = ExtResource("5_vf4rn")
background = ExtResource("3_ogf6x")

[sub_resource type="Resource" id="Resource_qp34x"]
script = ExtResource("1_b7arh")
character_name = "洛塔斯"
content = "诶……？？"
portrait = ExtResource("4_e6fcw")
background = ExtResource("3_ogf6x")

[sub_resource type="Resource" id="Resource_30fur"]
script = ExtResource("1_b7arh")
character_name = "？？？"
content = "你靠在天台的铁丝网上很显眼。结合现在楼下的情况，我推测你需要帮助。"
portrait = ExtResource("5_vf4rn")
background = ExtResource("3_ogf6x")

[sub_resource type="Resource" id="Resource_ks1jr"]
script = ExtResource("1_b7arh")
character_name = "洛塔斯"
content = "啊？"
portrait = ExtResource("4_e6fcw")
background = ExtResource("3_ogf6x")

[sub_resource type="Resource" id="Resource_jbx7g"]
script = ExtResource("1_b7arh")
character_name = "洛塔斯"
content = "（坏了，难道是机械降神的剧情？不是吧好像更可怕了……他说话好严谨坏了坏了难不成是个大人物……）"
portrait = ExtResource("4_6utgm")
background = ExtResource("3_ogf6x")

[sub_resource type="Resource" id="Resource_0cowr"]
script = ExtResource("1_b7arh")
character_name = "洛塔斯"
content = "啊，嗯，呃……哦，对，我凭什么相信你？"
portrait = ExtResource("4_6utgm")
background = ExtResource("3_ogf6x")

[sub_resource type="Resource" id="Resource_0tgy7"]
script = ExtResource("1_b7arh")
character_name = ""
content = "他眨了眨眼。然后，语出惊人。"
background = ExtResource("3_ogf6x")

[sub_resource type="Resource" id="Resource_j4t0k"]
script = ExtResource("1_b7arh")
character_name = "？？？"
content = "凭你自己根本无法完好无缺的离开这里。"
portrait = ExtResource("5_vf4rn")
background = ExtResource("3_ogf6x")

[sub_resource type="Resource" id="Resource_p3wm2"]
script = ExtResource("1_b7arh")
character_name = "洛塔斯"
content = "……"
portrait = ExtResource("4_6utgm")
background = ExtResource("3_ogf6x")

[sub_resource type="Resource" id="Resource_8bdw2"]
script = ExtResource("1_b7arh")
character_name = ""
content = "听起来像是威胁。但稍微一想就知道，是真的。"
portrait = ExtResource("4_6utgm")
background = ExtResource("3_ogf6x")

[sub_resource type="Resource" id="Resource_j0g2w"]
script = ExtResource("1_b7arh")
character_name = ""
content = "他盯着我。很难描述那种眼神，相当冷淡，似乎不含任何感情，好像对事态的发展有绝对的掌控。"
portrait = ExtResource("5_vf4rn")
background = ExtResource("3_ogf6x")

[sub_resource type="Resource" id="Resource_uknu8"]
script = ExtResource("1_b7arh")
character_name = ""
content = "……我没得选。表面上的善意实在太招人怀疑，我对他的意图一无所知，但摆在面前的只有一条路。罢了，破罐子破摔。"
portrait = ExtResource("4_6utgm")
background = ExtResource("3_ogf6x")

[sub_resource type="Resource" id="Resource_gd5va"]
script = ExtResource("1_b7arh")
character_name = "洛塔斯"
content = "……好。"
portrait = ExtResource("4_6utgm")
background = ExtResource("3_ogf6x")

[sub_resource type="Resource" id="Resource_unug4"]
script = ExtResource("1_b7arh")
character_name = "？？？"
content = "好。"
portrait = ExtResource("5_vf4rn")
background = ExtResource("3_ogf6x")

[sub_resource type="Resource" id="Resource_ebfkh"]
script = ExtResource("1_b7arh")
character_name = ""
content = "他招了招手，又退回到楼道里。"
background = ExtResource("3_ogf6x")

[sub_resource type="Resource" id="Resource_ygmgq"]
script = ExtResource("1_b7arh")
character_name = "洛塔斯"
content = "（小声）真是个怪人……啊，我可以知道你的名字吗？"
portrait = ExtResource("6_vf4bu")
background = ExtResource("3_ogf6x")

[sub_resource type="Resource" id="Resource_x4vin"]
script = ExtResource("1_b7arh")
character_name = "祈"
content = "可以。祈，七，一，祈。三声。"
portrait = ExtResource("5_vf4rn")
background = ExtResource("3_ogf6x")

[sub_resource type="Resource" id="Resource_ivn2h"]
script = ExtResource("1_b7arh")
character_name = "洛塔斯"
content = "很特别的名字。我，嗯，我叫，洛塔斯。"
portrait = ExtResource("4_e6fcw")
background = ExtResource("3_ogf6x")

[sub_resource type="Resource" id="Resource_e3s1x"]
script = ExtResource("1_b7arh")
character_name = "祈"
content = "好。记住了。"
portrait = ExtResource("5_vf4rn")
background = ExtResource("3_ogf6x")

[sub_resource type="Resource" id="Resource_jrq60"]
script = ExtResource("1_b7arh")
character_name = ""
content = "他的语气平板，没有一点波动。我的脑子里简直在打仗，乱七八糟的事飞来飞去。"
background = ExtResource("3_ogf6x")

[sub_resource type="Resource" id="Resource_kjrld"]
script = ExtResource("1_b7arh")
character_name = ""
content = "…………"
background = ExtResource("1_mexuj")

[sub_resource type="Resource" id="Resource_qgk8p"]
script = ExtResource("1_b7arh")
character_name = ""
content = "我跟在他身后，清脆的脚步声在这栋居民楼里回荡。"

[sub_resource type="Resource" id="Resource_5unml"]
script = ExtResource("1_b7arh")
character_name = ""
content = "死寂的楼层，没有一点声音；躲着活人的楼层，我听到他们争吵的声音，越来越激动，我和他都一致地保持沉默；关着丧尸的楼层，我听到它行走的声音，哒，哒，哒……"

[sub_resource type="Resource" id="Resource_ivrxt"]
script = ExtResource("1_b7arh")
character_name = ""
content = "2033年11月1日，世界毁灭了。在第一缕阳光探出头的时候，我所熟悉的世界和不熟悉的世界都已经一片狼藉。"

[sub_resource type="Resource" id="Resource_p1bk8"]
script = ExtResource("1_b7arh")
character_name = ""
content = "和所有末世小说里描写的一样，秩序崩毁，人们四散奔逃。有的变成了丧尸，有的没有。"
background = ExtResource("1_mexuj")

[sub_resource type="Resource" id="Resource_10w8x"]
script = ExtResource("1_b7arh")
character_name = ""
content = "也许这两者没有区别。"
background = ExtResource("1_mexuj")

[resource]
script = ExtResource("2_e2qsu")
dialogue_packs = Array[ExtResource("1_b7arh")]([SubResource("Resource_5vpb8"), SubResource("Resource_5tyxu"), SubResource("Resource_rlqvh"), SubResource("Resource_icppq"), SubResource("Resource_b6di3"), SubResource("Resource_iksqq"), SubResource("Resource_6sr0m"), SubResource("Resource_kbsad"), SubResource("Resource_lg5v7"), SubResource("Resource_thwvq"), SubResource("Resource_588jg"), SubResource("Resource_ssyjn"), SubResource("Resource_aeam4"), SubResource("Resource_1s5yl"), SubResource("Resource_7xjtp"), SubResource("Resource_iudsc"), SubResource("Resource_6fs4u"), SubResource("Resource_7a8m6"), SubResource("Resource_mca75"), SubResource("Resource_q6j4q"), SubResource("Resource_2n6hj"), SubResource("Resource_v7b5b"), SubResource("Resource_qp34x"), SubResource("Resource_30fur"), SubResource("Resource_ks1jr"), SubResource("Resource_jbx7g"), SubResource("Resource_0cowr"), SubResource("Resource_0tgy7"), SubResource("Resource_j4t0k"), SubResource("Resource_p3wm2"), SubResource("Resource_8bdw2"), SubResource("Resource_j0g2w"), SubResource("Resource_uknu8"), SubResource("Resource_gd5va"), SubResource("Resource_unug4"), SubResource("Resource_ebfkh"), SubResource("Resource_ygmgq"), SubResource("Resource_x4vin"), SubResource("Resource_ivn2h"), SubResource("Resource_e3s1x"), SubResource("Resource_jrq60"), SubResource("Resource_kjrld"), SubResource("Resource_qgk8p"), SubResource("Resource_5unml"), SubResource("Resource_ivrxt"), SubResource("Resource_p1bk8"), SubResource("Resource_10w8x")])
