[gd_resource type="Resource" script_class="dialogue_pack" load_steps=224 format=3 uid="uid://cwmqno3ml5nnv"]

[ext_resource type="Texture2D" uid="uid://dic7yq3kmsl6u" path="res://pictures/black.png" id="1_3d6rb"]
[ext_resource type="Script" path="res://scripts/dialogue_things.gd" id="1_qdux4"]
[ext_resource type="Texture2D" uid="uid://ccosgh3orhswr" path="res://pictures/outside.png" id="1_t57mq"]
[ext_resource type="Script" path="res://scripts/dialogue_pack.gd" id="2_irhlo"]
[ext_resource type="Texture2D" uid="uid://dncladg0y8qqf" path="res://pictures/Inory.png" id="2_wir1u"]
[ext_resource type="Texture2D" uid="uid://ygsn21k14wh3" path="res://pictures/Lotus_nothing.png" id="4_wovay"]
[ext_resource type="Texture2D" uid="uid://6pwubyd7frda" path="res://pictures/Lotus_smile.png" id="5_6b3hp"]
[ext_resource type="Texture2D" uid="uid://bjttqyoc1n0cv" path="res://pictures/Lotus_normal.png" id="6_32xit"]
[ext_resource type="Texture2D" uid="uid://bhvnbyu0rrc5d" path="res://pictures/road.png" id="8_ecr4i"]
[ext_resource type="Texture2D" uid="uid://dsqakjyfd2ly3" path="res://pictures/street.png" id="9_7iqom"]

[sub_resource type="Resource" id="Resource_8kcxl"]
script = ExtResource("1_qdux4")
character_name = ""
content = "祈轻轻推开了单元门，灵巧地顺着高楼的阴影前行。"
portrait = ExtResource("2_wir1u")
background = ExtResource("1_t57mq")

[sub_resource type="Resource" id="Resource_tm22i"]
script = ExtResource("1_qdux4")
character_name = ""
content = "丧尸们摩肩接踵，密密麻麻的脸庞让我想起上班的社畜，弥漫着绝望和死气。"
portrait = ExtResource("2_wir1u")
background = ExtResource("1_t57mq")

[sub_resource type="Resource" id="Resource_xbimy"]
script = ExtResource("1_qdux4")
character_name = ""
content = "尽管它们其实根本没有表情。哦，这么一说，祈也没有表情。"
portrait = ExtResource("2_wir1u")
background = ExtResource("1_t57mq")

[sub_resource type="Resource" id="Resource_udmuy"]
script = ExtResource("1_qdux4")
character_name = ""
content = "我跟在他后面，放轻脚步，生怕引起丧尸的注意。"
portrait = ExtResource("4_wovay")
background = ExtResource("1_t57mq")

[sub_resource type="Resource" id="Resource_4jvwd"]
script = ExtResource("1_qdux4")
character_name = ""
content = "祈看起来比我从容得多，让我想起电影里的特工——我更加相信他是个大人物了。"
portrait = ExtResource("2_wir1u")
background = ExtResource("1_t57mq")

[sub_resource type="Resource" id="Resource_f3ugm"]
script = ExtResource("1_qdux4")
character_name = ""
content = "很快我们就离开了那栋居民楼，丧尸的数量也减少了一些。"
background = ExtResource("1_t57mq")

[sub_resource type="Resource" id="Resource_otme8"]
script = ExtResource("1_qdux4")
character_name = "祈"
content = "东区的丧尸现在进入了某种暴动状态，集群规模和移动频率都有所增加。"
portrait = ExtResource("2_wir1u")
background = ExtResource("1_t57mq")

[sub_resource type="Resource" id="Resource_dnpl1"]
script = ExtResource("1_qdux4")
character_name = "祈"
content = "这个街道目前丧尸的数量较少，可以休息大约十五分钟。"
portrait = ExtResource("2_wir1u")
background = ExtResource("1_t57mq")

[sub_resource type="Resource" id="Resource_4kkve"]
script = ExtResource("1_qdux4")
character_name = ""
content = "我点了点头，靠着墙壁坐下。"
portrait = ExtResource("5_6b3hp")
background = ExtResource("1_t57mq")

[sub_resource type="Resource" id="Resource_4xd4c"]
script = ExtResource("1_qdux4")
character_name = ""
content = "闲下来之后，我才终于能开始思考今天发生的事。"
portrait = ExtResource("4_wovay")
background = ExtResource("1_t57mq")

[sub_resource type="Resource" id="Resource_gkuc0"]
script = ExtResource("1_qdux4")
character_name = ""
content = "我大概，是被人威胁了？算吗？哈哈。"
portrait = ExtResource("5_6b3hp")
background = ExtResource("1_t57mq")

[sub_resource type="Resource" id="Resource_i4mwl"]
script = ExtResource("1_qdux4")
character_name = ""
content = "我其实没什么感觉，甚至有点激动？哈，一号那天看着窗外的丧尸我也这么想。"
portrait = ExtResource("6_32xit")
background = ExtResource("1_t57mq")

[sub_resource type="Resource" id="Resource_4vuy3"]
script = ExtResource("1_qdux4")
character_name = ""
content = "人类可能多多少少都想过，世界毁灭了，自己成为救世的英雄，伟大的主角，之类的。"
portrait = ExtResource("5_6b3hp")
background = ExtResource("1_t57mq")

[sub_resource type="Resource" id="Resource_5qgyk"]
script = ExtResource("1_qdux4")
character_name = ""
content = "如果不是差点没命的话，我大概还会一直那么想吧。"
portrait = ExtResource("4_wovay")
background = ExtResource("1_t57mq")

[sub_resource type="Resource" id="Resource_u1nhb"]
script = ExtResource("1_qdux4")
character_name = ""
content = "现在的话……我甚至觉得，我身边这个人，比我更像主角。神秘、干练、不可告人的目的什么的，哈哈。"
portrait = ExtResource("4_wovay")
background = ExtResource("1_t57mq")

[sub_resource type="Resource" id="Resource_kckm5"]
script = ExtResource("1_qdux4")
character_name = ""
content = "我用余光打量着他。似乎是大学生的年纪，和我一样脏兮兮的，左手上非常显眼地缠了一条领带。"
portrait = ExtResource("2_wir1u")
background = ExtResource("1_t57mq")

[sub_resource type="Resource" id="Resource_ogl38"]
script = ExtResource("1_qdux4")
character_name = ""
content = "靠近了感觉更高了，难道能有两米……？算了不要想了。"
portrait = ExtResource("2_wir1u")
background = ExtResource("1_t57mq")

[sub_resource type="Resource" id="Resource_df1kk"]
script = ExtResource("1_qdux4")
character_name = ""
content = "气氛过于沉重，我突然决定没话找话。"
portrait = ExtResource("6_32xit")
background = ExtResource("1_t57mq")

[sub_resource type="Resource" id="Resource_uosb4"]
script = ExtResource("1_qdux4")
character_name = "洛塔斯"
content = "……那个，我是洛塔斯。"
portrait = ExtResource("6_32xit")
background = ExtResource("1_t57mq")

[sub_resource type="Resource" id="Resource_avfrn"]
script = ExtResource("1_qdux4")
character_name = "祈"
content = "是的。我记住了。"
portrait = ExtResource("2_wir1u")
background = ExtResource("1_t57mq")

[sub_resource type="Resource" id="Resource_7n2pm"]
script = ExtResource("1_qdux4")
character_name = "洛塔斯"
content = "嗯……呃，我是个高中生。我完全不会打架。"
portrait = ExtResource("6_32xit")
background = ExtResource("1_t57mq")

[sub_resource type="Resource" id="Resource_t2r0w"]
script = ExtResource("1_qdux4")
character_name = "祈"
content = "好。对此我有预料，不用担心。"
portrait = ExtResource("2_wir1u")
background = ExtResource("1_t57mq")

[sub_resource type="Resource" id="Resource_jcao2"]
script = ExtResource("1_qdux4")
character_name = "洛塔斯"
content = "（尴尬地搓搓鼻子）"
portrait = ExtResource("6_32xit")
background = ExtResource("1_t57mq")

[sub_resource type="Resource" id="Resource_sj5ke"]
script = ExtResource("1_qdux4")
character_name = "洛塔斯"
content = "你……我……对。你……为什么要帮我？"
portrait = ExtResource("6_32xit")
background = ExtResource("1_t57mq")

[sub_resource type="Resource" id="Resource_f3rto"]
script = ExtResource("1_qdux4")
character_name = "祈"
content = "比起东区所剩不多的吵闹、脑子转不过来、效率低下的人，你是更好的选择。"
portrait = ExtResource("2_wir1u")
background = ExtResource("1_t57mq")

[sub_resource type="Resource" id="Resource_21fi0"]
script = ExtResource("1_qdux4")
character_name = "洛塔斯"
content = "所剩不多是指……？"
portrait = ExtResource("6_32xit")
background = ExtResource("1_t57mq")

[sub_resource type="Resource" id="Resource_kgsut"]
script = ExtResource("1_qdux4")
character_name = "祈"
content = "十五到二十个，二到五人为一组，在所有能吵起来的话题上大吵特吵。"
portrait = ExtResource("2_wir1u")
background = ExtResource("1_t57mq")

[sub_resource type="Resource" id="Resource_gsrpa"]
script = ExtResource("1_qdux4")
character_name = "洛塔斯"
content = "听起来很可怕……我大概能明白。"
portrait = ExtResource("6_32xit")
background = ExtResource("1_t57mq")

[sub_resource type="Resource" id="Resource_x7h4p"]
script = ExtResource("1_qdux4")
character_name = "洛塔斯"
content = "等会，能明白是能明白，但……我一个高中生，真的不会帮倒忙吗？而且你看起来很厉害，你自己也能活得好好的吧。"
portrait = ExtResource("4_wovay")
background = ExtResource("1_t57mq")

[sub_resource type="Resource" id="Resource_vuxqe"]
script = ExtResource("1_qdux4")
character_name = "洛塔斯"
content = "为什么要帮我呢。"
portrait = ExtResource("4_wovay")
background = ExtResource("1_t57mq")

[sub_resource type="Resource" id="Resource_bysa4"]
script = ExtResource("1_qdux4")
character_name = "祈"
content = "你可以简单理解为，我喜欢在不影响自身的情况下多管闲事。"
portrait = ExtResource("2_wir1u")
background = ExtResource("1_t57mq")

[sub_resource type="Resource" id="Resource_plnsq"]
script = ExtResource("1_qdux4")
character_name = "祈"
content = "我是个大学生，大二。我学过一些近身格斗，同时适应力比较强。"
portrait = ExtResource("2_wir1u")
background = ExtResource("1_t57mq")

[sub_resource type="Resource" id="Resource_hqwe3"]
script = ExtResource("1_qdux4")
character_name = "洛塔斯"
content = "嗯……所以你真的很厉害？"
portrait = ExtResource("5_6b3hp")
background = ExtResource("1_t57mq")

[sub_resource type="Resource" id="Resource_46rkx"]
script = ExtResource("1_qdux4")
character_name = ""
content = "他突然转身正对着我。我茫然地抬头看他。我错觉般的觉得他平板的语气变得愉悦了些。"
background = ExtResource("1_t57mq")

[sub_resource type="Resource" id="Resource_ec256"]
script = ExtResource("1_qdux4")
character_name = "祈"
content = "无意冒犯，但我应该不是”很厉害“。"
portrait = ExtResource("2_wir1u")
background = ExtResource("1_t57mq")

[sub_resource type="Resource" id="Resource_6gemu"]
script = ExtResource("1_qdux4")
character_name = "祈"
content = "我是普世意义上的”天才“。"
portrait = ExtResource("2_wir1u")
background = ExtResource("1_t57mq")

[sub_resource type="Resource" id="Resource_y5mte"]
script = ExtResource("1_qdux4")
character_name = "洛塔斯"
content = "……"
portrait = ExtResource("4_wovay")
background = ExtResource("1_t57mq")

[sub_resource type="Resource" id="Resource_kaxmp"]
script = ExtResource("1_qdux4")
character_name = ""
content = "这话听起来像是在装逼。我的表情应该如实表达了我的迷惑。"
background = ExtResource("1_t57mq")

[sub_resource type="Resource" id="Resource_vv7bp"]
script = ExtResource("1_qdux4")
character_name = "祈"
content = "对不起。"
portrait = ExtResource("2_wir1u")
background = ExtResource("1_t57mq")

[sub_resource type="Resource" id="Resource_jvjkc"]
script = ExtResource("1_qdux4")
character_name = "洛塔斯"
content = "啊，没事？"
portrait = ExtResource("5_6b3hp")
background = ExtResource("1_t57mq")

[sub_resource type="Resource" id="Resource_3bw2g"]
script = ExtResource("1_qdux4")
character_name = ""
content = "他快速转身扫了扫周围。"
portrait = ExtResource("2_wir1u")
background = ExtResource("1_t57mq")

[sub_resource type="Resource" id="Resource_wktr5"]
script = ExtResource("1_qdux4")
character_name = "祈"
content = "抱歉，但该走了。下次休息时我再和你解释。"
portrait = ExtResource("2_wir1u")
background = ExtResource("1_t57mq")

[sub_resource type="Resource" id="Resource_jhcar"]
script = ExtResource("1_qdux4")
character_name = "洛塔斯"
content = "行……？"
portrait = ExtResource("6_32xit")
background = ExtResource("1_t57mq")

[sub_resource type="Resource" id="Resource_wdmoo"]
script = ExtResource("1_qdux4")
character_name = ""
content = "于是我们又开始在街道间穿行。"
background = ExtResource("1_t57mq")

[sub_resource type="Resource" id="Resource_fqesg"]
script = ExtResource("1_qdux4")
character_name = ""
content = "关于他是天才这回事……我还真愿意信。他的思路好像就很，”天才“。"
background = ExtResource("1_t57mq")

[sub_resource type="Resource" id="Resource_p5sh5"]
script = ExtResource("1_qdux4")
character_name = ""
content = "匪夷所思，天马行空，异于常人……什么的。"
background = ExtResource("1_t57mq")

[sub_resource type="Resource" id="Resource_lhc3v"]
script = ExtResource("1_qdux4")
character_name = ""
content = "而且，他真的能精准地绕开一群又一群的丧尸。"
background = ExtResource("1_t57mq")

[sub_resource type="Resource" id="Resource_4v1uy"]
script = ExtResource("1_qdux4")
character_name = ""
content = "精准到我前一秒刚踏出这条巷子，下一秒后方就传来了丧尸的脚步声。"
background = ExtResource("1_t57mq")

[sub_resource type="Resource" id="Resource_6j36o"]
script = ExtResource("1_qdux4")
character_name = ""
content = "把我追得差点没命的丧尸，他却丝毫不慌。"
background = ExtResource("1_t57mq")

[sub_resource type="Resource" id="Resource_k8ctd"]
script = ExtResource("1_qdux4")
character_name = ""
content = "天才……吗。哈哈。"
background = ExtResource("1_t57mq")

[sub_resource type="Resource" id="Resource_1mo13"]
script = ExtResource("1_qdux4")
character_name = ""
content = "这个词对我来说，有点好笑呢。"
background = ExtResource("1_t57mq")

[sub_resource type="Resource" id="Resource_gdrii"]
script = ExtResource("1_qdux4")
character_name = ""
content = "…………"
background = ExtResource("1_3d6rb")

[sub_resource type="Resource" id="Resource_ili2a"]
script = ExtResource("1_qdux4")
character_name = "日记"
content = "“我不是天才。我不是主角。我不是救世主。我什么都不是。我连草丛里的蘑菇都比不上。”"
background = ExtResource("1_3d6rb")

[sub_resource type="Resource" id="Resource_nk6up"]
script = ExtResource("1_qdux4")
character_name = "日记"
content = "“（无法辨认的字迹）我是。我是。我能做到。我是主角，我是无所不能的救世主，等待着我的是光辉灿烂的旅途——”"
background = ExtResource("1_3d6rb")

[sub_resource type="Resource" id="Resource_3w6fh"]
script = ExtResource("1_qdux4")
character_name = "日记"
content = "“我是。我能做到。”"
background = ExtResource("1_3d6rb")

[sub_resource type="Resource" id="Resource_xad4k"]
script = ExtResource("1_qdux4")
character_name = "日记"
content = "“事实上，除了乐观点，我也没什么能做的了（被揉皱的痕迹）。”"
background = ExtResource("1_3d6rb")

[sub_resource type="Resource" id="Resource_0ugm3"]
script = ExtResource("1_qdux4")
character_name = ""
content = "………………"
background = ExtResource("1_3d6rb")

[sub_resource type="Resource" id="Resource_m07yc"]
script = ExtResource("1_qdux4")
character_name = ""
content = "已经是黄昏了。周围的丧尸和中心区的数量比几乎少了四分之一（虽然还是很多），我们的速度也提升了不少。"
background = ExtResource("8_ecr4i")

[sub_resource type="Resource" id="Resource_k0lsv"]
script = ExtResource("1_qdux4")
character_name = ""
content = "说是下一次休息时和我解释，但一直都没有休息呢……"
background = ExtResource("8_ecr4i")

[sub_resource type="Resource" id="Resource_dxch7"]
script = ExtResource("1_qdux4")
character_name = ""
content = "他突然停下了。"
background = ExtResource("8_ecr4i")

[sub_resource type="Resource" id="Resource_0b5kv"]
script = ExtResource("1_qdux4")
character_name = "祈"
content = "休息一下。"
portrait = ExtResource("2_wir1u")
background = ExtResource("8_ecr4i")

[sub_resource type="Resource" id="Resource_3ifa1"]
script = ExtResource("1_qdux4")
character_name = "洛塔斯"
content = "好……"
portrait = ExtResource("6_32xit")
background = ExtResource("8_ecr4i")

[sub_resource type="Resource" id="Resource_xubsg"]
script = ExtResource("1_qdux4")
character_name = ""
content = "我们停留在一个十字路口的街角，忧郁的阳光均匀地泼洒在周围的建筑物上。"
background = ExtResource("8_ecr4i")

[sub_resource type="Resource" id="Resource_dej6h"]
script = ExtResource("1_qdux4")
character_name = "祈"
content = "我不是在装逼。"
portrait = ExtResource("2_wir1u")
background = ExtResource("8_ecr4i")

[sub_resource type="Resource" id="Resource_38lah"]
script = ExtResource("1_qdux4")
character_name = "洛塔斯"
content = "嗯，我知道……？"
portrait = ExtResource("6_32xit")
background = ExtResource("8_ecr4i")

[sub_resource type="Resource" id="Resource_kd4b3"]
script = ExtResource("1_qdux4")
character_name = "祈"
content = "如果现在是正常的情况，我能拿出十多种证明方案。所以，对不起。"
portrait = ExtResource("2_wir1u")
background = ExtResource("8_ecr4i")

[sub_resource type="Resource" id="Resource_cmuwt"]
script = ExtResource("1_qdux4")
character_name = "洛塔斯"
content = "你可以不用说了。我信。"
portrait = ExtResource("5_6b3hp")
background = ExtResource("8_ecr4i")

[sub_resource type="Resource" id="Resource_gpqv0"]
script = ExtResource("1_qdux4")
character_name = "洛塔斯"
content = "真的，我信。凭你爬上来的时候一点气都不喘我就愿意信。"
portrait = ExtResource("6_32xit")
background = ExtResource("8_ecr4i")

[sub_resource type="Resource" id="Resource_4fhs1"]
script = ExtResource("1_qdux4")
character_name = "祈"
content = "你是怎么确认我不是刻意在天台门前休息好再进去的？"
portrait = ExtResource("2_wir1u")
background = ExtResource("8_ecr4i")

[sub_resource type="Resource" id="Resource_jhqn7"]
script = ExtResource("1_qdux4")
character_name = "洛塔斯"
content = "…………"
portrait = ExtResource("4_wovay")
background = ExtResource("8_ecr4i")

[sub_resource type="Resource" id="Resource_u3f4p"]
script = ExtResource("1_qdux4")
character_name = "祈"
content = "抱歉。"
portrait = ExtResource("2_wir1u")
background = ExtResource("8_ecr4i")

[sub_resource type="Resource" id="Resource_36q2m"]
script = ExtResource("1_qdux4")
character_name = "洛塔斯"
content = "你……我……唉……行吧……"
portrait = ExtResource("4_wovay")
background = ExtResource("8_ecr4i")

[sub_resource type="Resource" id="Resource_4c74t"]
script = ExtResource("1_qdux4")
character_name = "洛塔斯"
content = "天才的事先不提，你真的有那么善良？不是我揣测你哈，现在这个情况……"
portrait = ExtResource("4_wovay")
background = ExtResource("8_ecr4i")

[sub_resource type="Resource" id="Resource_ghfs5"]
script = ExtResource("1_qdux4")
character_name = "祈"
content = "你完全可以随意揣测我，我不在意。然后，我的确有必须找一个旅伴的理由。"
portrait = ExtResource("2_wir1u")
background = ExtResource("8_ecr4i")

[sub_resource type="Resource" id="Resource_gf1yk"]
script = ExtResource("1_qdux4")
character_name = "洛塔斯"
content = "一看他就不想说。但是我还是得问。"
portrait = ExtResource("6_32xit")
background = ExtResource("8_ecr4i")

[sub_resource type="Resource" id="Resource_chgec"]
script = ExtResource("1_qdux4")
character_name = "洛塔斯"
content = "所以，是什么？"
portrait = ExtResource("5_6b3hp")
background = ExtResource("8_ecr4i")

[sub_resource type="Resource" id="Resource_0drx7"]
script = ExtResource("1_qdux4")
character_name = "祈"
content = "你不需要吗？"
portrait = ExtResource("2_wir1u")
background = ExtResource("8_ecr4i")

[sub_resource type="Resource" id="Resource_1km5r"]
script = ExtResource("1_qdux4")
character_name = "洛塔斯"
content = "……我需要吗？"
portrait = ExtResource("4_wovay")
background = ExtResource("8_ecr4i")

[sub_resource type="Resource" id="Resource_m5ff1"]
script = ExtResource("1_qdux4")
character_name = "祈"
content = "你需要。虽然我们的衣服差不多脏，但你比我狼狈得多。"
portrait = ExtResource("2_wir1u")
background = ExtResource("8_ecr4i")

[sub_resource type="Resource" id="Resource_kmk0k"]
script = ExtResource("1_qdux4")
character_name = "祈"
content = "你胳膊上的绷带、空空如也的背包和总在拽衣服的手都能作为证据。"
portrait = ExtResource("2_wir1u")
background = ExtResource("8_ecr4i")

[sub_resource type="Resource" id="Resource_urjpn"]
script = ExtResource("1_qdux4")
character_name = "祈"
content = "如你所言，你只是个高中生。"
portrait = ExtResource("2_wir1u")
background = ExtResource("8_ecr4i")

[sub_resource type="Resource" id="Resource_18ndv"]
script = ExtResource("1_qdux4")
character_name = "洛塔斯"
content = "那你就这么善心泛滥了？"
portrait = ExtResource("4_wovay")
background = ExtResource("8_ecr4i")

[sub_resource type="Resource" id="Resource_f6o4a"]
script = ExtResource("1_qdux4")
character_name = "祈"
content = "我有充足的理由。"
portrait = ExtResource("2_wir1u")
background = ExtResource("8_ecr4i")

[sub_resource type="Resource" id="Resource_kv6ho"]
script = ExtResource("1_qdux4")
character_name = "洛塔斯"
content = "那——"
portrait = ExtResource("4_wovay")
background = ExtResource("8_ecr4i")

[sub_resource type="Resource" id="Resource_8k1kb"]
script = ExtResource("1_qdux4")
character_name = "祈"
content = "抱歉打断你说话——我在转移矛盾，意思就是现在不想告诉你。"
portrait = ExtResource("2_wir1u")
background = ExtResource("8_ecr4i")

[sub_resource type="Resource" id="Resource_hhcid"]
script = ExtResource("1_qdux4")
character_name = "洛塔斯"
content = "为什么？"
portrait = ExtResource("4_wovay")
background = ExtResource("8_ecr4i")

[sub_resource type="Resource" id="Resource_5vkhr"]
script = ExtResource("1_qdux4")
character_name = "祈"
content = "现在不想。暂时没有客观的理由。"
portrait = ExtResource("2_wir1u")
background = ExtResource("8_ecr4i")

[sub_resource type="Resource" id="Resource_g4kt0"]
script = ExtResource("1_qdux4")
character_name = "洛塔斯"
content = "哈——那我不得不对你保持怀疑了，你根本就说不出理由来。"
portrait = ExtResource("5_6b3hp")
background = ExtResource("8_ecr4i")

[sub_resource type="Resource" id="Resource_pli6j"]
script = ExtResource("1_qdux4")
character_name = "祈"
content = "请随意。但有一个事实："
portrait = ExtResource("2_wir1u")
background = ExtResource("8_ecr4i")

[sub_resource type="Resource" id="Resource_demck"]
script = ExtResource("1_qdux4")
character_name = "洛塔斯"
content = "……"
portrait = ExtResource("4_wovay")
background = ExtResource("8_ecr4i")

[sub_resource type="Resource" id="Resource_pnp51"]
script = ExtResource("1_qdux4")
character_name = "祈"
content = "不论你的想法是什么，暂时相信我是最好的选择。尽管我们已经离开了丧尸行为异常的中心区域，这里的丧尸数量仍然比其他地方要多。"
portrait = ExtResource("2_wir1u")
background = ExtResource("8_ecr4i")

[sub_resource type="Resource" id="Resource_hufih"]
script = ExtResource("1_qdux4")
character_name = "祈"
content = "不然你也不会出现在那座居民楼的天台上。一开始你并没有注意到丧尸的异常行为，等你意识到的时候已经来不及回头了。"
portrait = ExtResource("2_wir1u")
background = ExtResource("8_ecr4i")

[sub_resource type="Resource" id="Resource_1ahrv"]
script = ExtResource("1_qdux4")
character_name = "洛塔斯"
content = "你——"
portrait = ExtResource("4_wovay")
background = ExtResource("8_ecr4i")

[sub_resource type="Resource" id="Resource_s6um5"]
script = ExtResource("1_qdux4")
character_name = "祈"
content = "抱歉再次打断你说话——你一直以来用于躲避丧尸的思路在这里并不适用，你只能毫无章法地逃窜。最后你被逼到了那座居民楼的天台上。"
portrait = ExtResource("2_wir1u")
background = ExtResource("8_ecr4i")

[sub_resource type="Resource" id="Resource_cekkj"]
script = ExtResource("1_qdux4")
character_name = ""
content = "我紧皱眉头。他说得对。"
portrait = ExtResource("4_wovay")
background = ExtResource("8_ecr4i")

[sub_resource type="Resource" id="Resource_cyxxe"]
script = ExtResource("1_qdux4")
character_name = "洛塔斯"
content = "……唉……我没意见。"
portrait = ExtResource("4_wovay")
background = ExtResource("8_ecr4i")

[sub_resource type="Resource" id="Resource_t5si7"]
script = ExtResource("1_qdux4")
character_name = "祈"
content = "好。"
portrait = ExtResource("2_wir1u")
background = ExtResource("8_ecr4i")

[sub_resource type="Resource" id="Resource_gfiks"]
script = ExtResource("1_qdux4")
character_name = ""
content = "他看起来总是那么波澜不惊。我有种骂他一顿的冲动。"
portrait = ExtResource("2_wir1u")
background = ExtResource("8_ecr4i")

[sub_resource type="Resource" id="Resource_6rii3"]
script = ExtResource("1_qdux4")
character_name = "祈"
content = "你在写日记，对吗？"
portrait = ExtResource("2_wir1u")
background = ExtResource("8_ecr4i")

[sub_resource type="Resource" id="Resource_3bov0"]
script = ExtResource("1_qdux4")
character_name = "洛塔斯"
content = "是……我了个天才，我竟然没那么吃惊……"
portrait = ExtResource("4_wovay")
background = ExtResource("8_ecr4i")

[sub_resource type="Resource" id="Resource_7ti7b"]
script = ExtResource("1_qdux4")
character_name = "祈"
content = "我看到过你蹲在路边在本子上写字。"
portrait = ExtResource("2_wir1u")
background = ExtResource("8_ecr4i")

[sub_resource type="Resource" id="Resource_fmdjf"]
script = ExtResource("1_qdux4")
character_name = "洛塔斯"
content = "哦。"
portrait = ExtResource("5_6b3hp")
background = ExtResource("8_ecr4i")

[sub_resource type="Resource" id="Resource_d1jnd"]
script = ExtResource("1_qdux4")
character_name = "祈"
content = "非常缺乏安全意识。"
portrait = ExtResource("2_wir1u")
background = ExtResource("8_ecr4i")

[sub_resource type="Resource" id="Resource_e280a"]
script = ExtResource("1_qdux4")
character_name = "洛塔斯"
content = "我不会在路边写大段的！"
portrait = ExtResource("6_32xit")
background = ExtResource("8_ecr4i")

[sub_resource type="Resource" id="Resource_p2i2j"]
script = ExtResource("1_qdux4")
character_name = "祈"
content = "嗯。"
portrait = ExtResource("2_wir1u")
background = ExtResource("8_ecr4i")

[sub_resource type="Resource" id="Resource_gh5x6"]
script = ExtResource("1_qdux4")
character_name = "洛塔斯"
content = "……"
portrait = ExtResource("6_32xit")
background = ExtResource("8_ecr4i")

[sub_resource type="Resource" id="Resource_c2r3f"]
script = ExtResource("1_qdux4")
character_name = "祈"
content = "你会在日记里写到我吗？"
portrait = ExtResource("2_wir1u")
background = ExtResource("8_ecr4i")

[sub_resource type="Resource" id="Resource_ruw5q"]
script = ExtResource("1_qdux4")
character_name = "洛塔斯"
content = "我会在里面狠狠的骂你一顿。"
portrait = ExtResource("4_wovay")
background = ExtResource("8_ecr4i")

[sub_resource type="Resource" id="Resource_cmhe6"]
script = ExtResource("1_qdux4")
character_name = "祈"
content = "我很期待你的用词。"
portrait = ExtResource("2_wir1u")
background = ExtResource("8_ecr4i")

[sub_resource type="Resource" id="Resource_8jbj3"]
script = ExtResource("1_qdux4")
character_name = "洛塔斯"
content = "……"
portrait = ExtResource("6_32xit")
background = ExtResource("8_ecr4i")

[sub_resource type="Resource" id="Resource_g0gxq"]
script = ExtResource("1_qdux4")
character_name = ""
content = "人在无语到极致的时候是会笑的。"
portrait = ExtResource("6_32xit")
background = ExtResource("8_ecr4i")

[sub_resource type="Resource" id="Resource_aw8ai"]
script = ExtResource("1_qdux4")
character_name = "祈"
content = "你有想去的地方吗？"
portrait = ExtResource("2_wir1u")
background = ExtResource("8_ecr4i")

[sub_resource type="Resource" id="Resource_hikvv"]
script = ExtResource("1_qdux4")
character_name = "洛塔斯"
content = "我——"
portrait = ExtResource("5_6b3hp")
background = ExtResource("8_ecr4i")

[sub_resource type="Resource" id="Resource_8qms7"]
script = ExtResource("1_qdux4")
character_name = ""
content = "有的。但是——"
portrait = ExtResource("4_wovay")
background = ExtResource("8_ecr4i")

[sub_resource type="Resource" id="Resource_nyekg"]
script = ExtResource("1_qdux4")
character_name = "洛塔斯"
content = "没有。嗯，没有。"
portrait = ExtResource("5_6b3hp")
background = ExtResource("8_ecr4i")

[sub_resource type="Resource" id="Resource_w5rm2"]
script = ExtResource("1_qdux4")
character_name = "祈"
content = "我知道了。那，先保持当前的方向远离中心区，可以吗？"
portrait = ExtResource("2_wir1u")
background = ExtResource("8_ecr4i")

[sub_resource type="Resource" id="Resource_30lad"]
script = ExtResource("1_qdux4")
character_name = "洛塔斯"
content = "行。"
portrait = ExtResource("4_wovay")
background = ExtResource("8_ecr4i")

[sub_resource type="Resource" id="Resource_fatk4"]
script = ExtResource("1_qdux4")
character_name = ""
content = "是的。我没有想去的地方。没有。"
portrait = ExtResource("4_wovay")
background = ExtResource("8_ecr4i")

[sub_resource type="Resource" id="Resource_13ba8"]
script = ExtResource("1_qdux4")
character_name = ""
content = "…………"
background = ExtResource("1_3d6rb")

[sub_resource type="Resource" id="Resource_5xchi"]
script = ExtResource("1_qdux4")
character_name = "日记"
content = "”现在是十一月二十日。2033年。“"
background = ExtResource("1_3d6rb")

[sub_resource type="Resource" id="Resource_ljpv7"]
script = ExtResource("1_qdux4")
character_name = "日记"
content = "”我们已经差不多离开东区了，丧尸的数量也下降到了一个相对正常的状态。“"
background = ExtResource("1_3d6rb")

[sub_resource type="Resource" id="Resource_ox4s4"]
script = ExtResource("1_qdux4")
character_name = "日记"
content = "”也就是说，我现在大概可以跑路了。“"
background = ExtResource("1_3d6rb")

[sub_resource type="Resource" id="Resource_d557e"]
script = ExtResource("1_qdux4")
character_name = ""
content = "我合上本子。祈坐在我对面，这椅子（捡来的）对他来说小了些，他看起来像缩在里面。还挺可爱的。"
portrait = ExtResource("2_wir1u")
background = ExtResource("9_7iqom")

[sub_resource type="Resource" id="Resource_v2k23"]
script = ExtResource("1_qdux4")
character_name = ""
content = "不过他说的话一点也不可爱。"
portrait = ExtResource("2_wir1u")
background = ExtResource("9_7iqom")

[sub_resource type="Resource" id="Resource_4vjfc"]
script = ExtResource("1_qdux4")
character_name = "祈"
content = "你想跑路了。"
portrait = ExtResource("2_wir1u")
background = ExtResource("9_7iqom")

[sub_resource type="Resource" id="Resource_87yxh"]
script = ExtResource("1_qdux4")
character_name = "洛塔斯"
content = "嗯。你现在可没有理由拦着我了，除非把那个理由说出来！"
portrait = ExtResource("6_32xit")
background = ExtResource("9_7iqom")

[sub_resource type="Resource" id="Resource_upl1n"]
script = ExtResource("1_qdux4")
character_name = "祈"
content = "我现在说出来你也不会信。"
portrait = ExtResource("2_wir1u")
background = ExtResource("9_7iqom")

[sub_resource type="Resource" id="Resource_byd2r"]
script = ExtResource("1_qdux4")
character_name = "洛塔斯"
content = "你凭什么假定我的信任！"
portrait = ExtResource("6_32xit")
background = ExtResource("9_7iqom")

[sub_resource type="Resource" id="Resource_q8630"]
script = ExtResource("1_qdux4")
character_name = "祈"
content = "凭经验。在我之前的人生里，绝大多数的人类都不会选择相信我。"
portrait = ExtResource("2_wir1u")
background = ExtResource("9_7iqom")

[sub_resource type="Resource" id="Resource_npyad"]
script = ExtResource("1_qdux4")
character_name = "祈"
content = "特别的是你，我对你已经称得上是威胁，为什么你的态度仍然很好？"
portrait = ExtResource("2_wir1u")
background = ExtResource("9_7iqom")

[sub_resource type="Resource" id="Resource_n1wdy"]
script = ExtResource("1_qdux4")
character_name = "洛塔斯"
content = "啊……这个……"
portrait = ExtResource("6_32xit")
background = ExtResource("9_7iqom")

[sub_resource type="Resource" id="Resource_6u4h8"]
script = ExtResource("1_qdux4")
character_name = "洛塔斯"
content = "因为，大概是因为，我还是愿意相信人类是善良的……？"
portrait = ExtResource("5_6b3hp")
background = ExtResource("9_7iqom")

[sub_resource type="Resource" id="Resource_q7pug"]
script = ExtResource("1_qdux4")
character_name = "洛塔斯"
content = "你看，我还只是个高中生……我还是没法以最大的恶意去揣测别人。"
portrait = ExtResource("5_6b3hp")
background = ExtResource("9_7iqom")

[sub_resource type="Resource" id="Resource_bjl1y"]
script = ExtResource("1_qdux4")
character_name = "洛塔斯"
content = "虽然很蠢……是啊真的很蠢……嗯，就是这样。"
portrait = ExtResource("5_6b3hp")
background = ExtResource("9_7iqom")

[sub_resource type="Resource" id="Resource_nvns6"]
script = ExtResource("1_qdux4")
character_name = "洛塔斯"
content = "而且，你真的帮到了我。要不是你，我大概会困死在天台上吧。"
portrait = ExtResource("4_wovay")
background = ExtResource("9_7iqom")

[sub_resource type="Resource" id="Resource_flj01"]
script = ExtResource("1_qdux4")
character_name = ""
content = "他没回答，安静地注视着我的双眼，像是知道我还有什么话要说一样。"
portrait = ExtResource("2_wir1u")
background = ExtResource("9_7iqom")

[sub_resource type="Resource" id="Resource_o77pf"]
script = ExtResource("1_qdux4")
character_name = "洛塔斯"
content = "……我说。是，还有一个。"
portrait = ExtResource("5_6b3hp")
background = ExtResource("9_7iqom")

[sub_resource type="Resource" id="Resource_8jmwo"]
script = ExtResource("1_qdux4")
character_name = "洛塔斯"
content = "我觉得你还挺酷的。虽然你有时候莫名其妙的，还很毒舌，还像个面瘫——哦对不起——"
portrait = ExtResource("6_32xit")
background = ExtResource("9_7iqom")

[sub_resource type="Resource" id="Resource_btcuy"]
script = ExtResource("1_qdux4")
character_name = "洛塔斯"
content = "但是你真的很酷。"
portrait = ExtResource("5_6b3hp")
background = ExtResource("9_7iqom")

[sub_resource type="Resource" id="Resource_ef0w3"]
script = ExtResource("1_qdux4")
character_name = "洛塔斯"
content = "就像那种，逼格拉满的神秘大佬。而且你真的很厉害，东区那一大堆丧尸我根本就束手无策。"
portrait = ExtResource("5_6b3hp")
background = ExtResource("9_7iqom")

[sub_resource type="Resource" id="Resource_5c2cd"]
script = ExtResource("1_qdux4")
character_name = "洛塔斯"
content = "但你甚至没让我们和它们正面撞上。"
portrait = ExtResource("5_6b3hp")
background = ExtResource("9_7iqom")

[sub_resource type="Resource" id="Resource_a46bu"]
script = ExtResource("1_qdux4")
character_name = "洛塔斯"
content = "你简直就像……那种漫画里的主角。"
portrait = ExtResource("6_32xit")
background = ExtResource("9_7iqom")

[sub_resource type="Resource" id="Resource_4q5ft"]
script = ExtResource("1_qdux4")
character_name = "祈"
content = "你可以换个思路。我也可以是主角身边的神秘配角。"
portrait = ExtResource("2_wir1u")
background = ExtResource("9_7iqom")

[sub_resource type="Resource" id="Resource_3yblo"]
script = ExtResource("1_qdux4")
character_name = "祈"
content = "我的意思是，你很优秀，你是自己的主角。"
portrait = ExtResource("2_wir1u")
background = ExtResource("9_7iqom")

[sub_resource type="Resource" id="Resource_e6om6"]
script = ExtResource("1_qdux4")
character_name = "洛塔斯"
content = "哎，怎么突然开始夸人了？？"
portrait = ExtResource("6_32xit")
background = ExtResource("9_7iqom")

[sub_resource type="Resource" id="Resource_5fu35"]
script = ExtResource("1_qdux4")
character_name = "祈"
content = "你不好意思了？"
portrait = ExtResource("2_wir1u")
background = ExtResource("9_7iqom")

[sub_resource type="Resource" id="Resource_t8bnv"]
script = ExtResource("1_qdux4")
character_name = "洛塔斯"
content = "哎呀——"
portrait = ExtResource("6_32xit")
background = ExtResource("9_7iqom")

[sub_resource type="Resource" id="Resource_fdhlc"]
script = ExtResource("1_qdux4")
character_name = "洛塔斯"
content = "总之我还是挺谢谢你的。"
portrait = ExtResource("5_6b3hp")
background = ExtResource("9_7iqom")

[sub_resource type="Resource" id="Resource_hcwuk"]
script = ExtResource("1_qdux4")
character_name = "祈"
content = "谢谢。另外，我不是面瘫。"
portrait = ExtResource("2_wir1u")
background = ExtResource("9_7iqom")

[sub_resource type="Resource" id="Resource_spub1"]
script = ExtResource("1_qdux4")
character_name = "洛塔斯"
content = "对不起但是——这个让我信有点难。"
portrait = ExtResource("6_32xit")
background = ExtResource("9_7iqom")

[sub_resource type="Resource" id="Resource_iwboy"]
script = ExtResource("1_qdux4")
character_name = "祈"
content = "我知道，我不在意。我的性格基本不支持我产生情绪波动，所以也基本没有表情。"
portrait = ExtResource("2_wir1u")
background = ExtResource("9_7iqom")

[sub_resource type="Resource" id="Resource_7txr8"]
script = ExtResource("1_qdux4")
character_name = "祈"
content = "并且，我的家人们说过，我假笑起来很吓人。"
portrait = ExtResource("2_wir1u")
background = ExtResource("9_7iqom")

[sub_resource type="Resource" id="Resource_aqslg"]
script = ExtResource("1_qdux4")
character_name = "洛塔斯"
content = "你什么都不做就很吓人。"
portrait = ExtResource("5_6b3hp")
background = ExtResource("9_7iqom")

[sub_resource type="Resource" id="Resource_jrf6x"]
script = ExtResource("1_qdux4")
character_name = "祈"
content = "谢谢。"
portrait = ExtResource("2_wir1u")
background = ExtResource("9_7iqom")

[sub_resource type="Resource" id="Resource_g4usf"]
script = ExtResource("1_qdux4")
character_name = "洛塔斯"
content = "所以啊……那个理由到底是什么？"
portrait = ExtResource("6_32xit")
background = ExtResource("9_7iqom")

[sub_resource type="Resource" id="Resource_dcotq"]
script = ExtResource("1_qdux4")
character_name = "祈"
content = "对不起。现在我还不想说。"
portrait = ExtResource("2_wir1u")
background = ExtResource("9_7iqom")

[sub_resource type="Resource" id="Resource_onqmm"]
script = ExtResource("1_qdux4")
character_name = "洛塔斯"
content = "也不是，不能理解。"
portrait = ExtResource("5_6b3hp")
background = ExtResource("9_7iqom")

[sub_resource type="Resource" id="Resource_xg6t4"]
script = ExtResource("1_qdux4")
character_name = "洛塔斯"
content = "那……我走了？"
portrait = ExtResource("5_6b3hp")
background = ExtResource("9_7iqom")

[sub_resource type="Resource" id="Resource_oqh8o"]
script = ExtResource("1_qdux4")
character_name = ""
content = "我起身。他没有动作，仍然坦然地直视着我的眼睛。"
portrait = ExtResource("2_wir1u")
background = ExtResource("9_7iqom")

[sub_resource type="Resource" id="Resource_r5xcn"]
script = ExtResource("1_qdux4")
character_name = ""
content = "我刚要抬脚——"
portrait = ExtResource("5_6b3hp")
background = ExtResource("9_7iqom")

[sub_resource type="Resource" id="Resource_xuckf"]
script = ExtResource("1_qdux4")
character_name = "祈"
content = "你真的没有想去的地方吗？"
portrait = ExtResource("2_wir1u")
background = ExtResource("9_7iqom")

[sub_resource type="Resource" id="Resource_qckwg"]
script = ExtResource("1_qdux4")
character_name = ""
content = "我的动作停住了。这简单的一句话在我的脑海里打转，和我的回忆碰撞出叮当的响声。"
portrait = ExtResource("4_wovay")
background = ExtResource("9_7iqom")

[sub_resource type="Resource" id="Resource_ne50v"]
script = ExtResource("1_qdux4")
character_name = ""
content = "…………"
background = ExtResource("1_3d6rb")

[sub_resource type="Resource" id="Resource_5auqt"]
script = ExtResource("1_qdux4")
character_name = ""
content = "十一月一号那天是个星期一。"
background = ExtResource("1_3d6rb")

[sub_resource type="Resource" id="Resource_ilj88"]
script = ExtResource("1_qdux4")
character_name = ""
content = "我起床的时候，还以为今天也会是平平无奇的一天。"
background = ExtResource("1_3d6rb")

[sub_resource type="Resource" id="Resource_qucla"]
script = ExtResource("1_qdux4")
character_name = ""
content = "我把窗帘拉开，两次。我以为我出现了幻觉。"
background = ExtResource("1_3d6rb")

[sub_resource type="Resource" id="Resource_8klsq"]
script = ExtResource("1_qdux4")
character_name = ""
content = "当虚构故事里的场景出现在眼前的时候，人应该是什么反应？"
background = ExtResource("1_3d6rb")

[sub_resource type="Resource" id="Resource_ckr7l"]
script = ExtResource("1_qdux4")
character_name = ""
content = "我不知道。我什么都不知道。"
background = ExtResource("1_3d6rb")

[sub_resource type="Resource" id="Resource_xrun8"]
script = ExtResource("1_qdux4")
character_name = ""
content = "之后我听到门外传来沉重的呼吸声和脚步声。相当陌生。"
background = ExtResource("1_3d6rb")

[sub_resource type="Resource" id="Resource_xn8ob"]
script = ExtResource("1_qdux4")
character_name = ""
content = "我匆忙打开门，映入眼帘的只有灰绿色的……”尸体“。"
background = ExtResource("1_3d6rb")

[sub_resource type="Resource" id="Resource_0sqk7"]
script = ExtResource("1_qdux4")
character_name = ""
content = "恐惧和惊慌很快就浇灭了其余的情绪，我甚至不太记得自己是怎么逃出来的。"
background = ExtResource("1_3d6rb")

[sub_resource type="Resource" id="Resource_ut38r"]
script = ExtResource("1_qdux4")
character_name = ""
content = "我什么都没做。我什么都做不了。"
background = ExtResource("1_3d6rb")

[sub_resource type="Resource" id="Resource_2jtxx"]
script = ExtResource("1_qdux4")
character_name = ""
content = "之后要去哪，要做什么，我也毫无头绪。"
background = ExtResource("1_3d6rb")

[sub_resource type="Resource" id="Resource_8ihi2"]
script = ExtResource("1_qdux4")
character_name = ""
content = "…………"
background = ExtResource("1_3d6rb")

[sub_resource type="Resource" id="Resource_pm0do"]
script = ExtResource("1_qdux4")
character_name = "洛塔斯"
content = "……"
portrait = ExtResource("4_wovay")
background = ExtResource("9_7iqom")

[sub_resource type="Resource" id="Resource_m8qp2"]
script = ExtResource("1_qdux4")
character_name = "洛塔斯"
content = "祈，你说人类为什么要活下去啊。"
portrait = ExtResource("4_wovay")
background = ExtResource("9_7iqom")

[sub_resource type="Resource" id="Resource_m6hfj"]
script = ExtResource("1_qdux4")
character_name = "祈"
content = "这是一个非常主观的问题。"
portrait = ExtResource("2_wir1u")
background = ExtResource("9_7iqom")

[sub_resource type="Resource" id="Resource_8s522"]
script = ExtResource("1_qdux4")
character_name = "洛塔斯"
content = "我……我不知道。说真的，我现在每次睁开眼睛的第一反应还是去上学。"
portrait = ExtResource("4_wovay")
background = ExtResource("9_7iqom")

[sub_resource type="Resource" id="Resource_7bv8r"]
script = ExtResource("1_qdux4")
character_name = "洛塔斯"
content = "我不知道我要花多长时间才能习惯。也许永远也习惯不了。"
portrait = ExtResource("4_wovay")
background = ExtResource("9_7iqom")

[sub_resource type="Resource" id="Resource_f0tky"]
script = ExtResource("1_qdux4")
character_name = "洛塔斯"
content = "……是啊，我一直不习惯。"
portrait = ExtResource("4_wovay")
background = ExtResource("9_7iqom")

[sub_resource type="Resource" id="Resource_wr08y"]
script = ExtResource("1_qdux4")
character_name = "祈"
content = "你只是个高中生。没关系。"
portrait = ExtResource("2_wir1u")
background = ExtResource("9_7iqom")

[sub_resource type="Resource" id="Resource_8sbnw"]
script = ExtResource("1_qdux4")
character_name = "洛塔斯"
content = "哎呀，高中生这个概念已经失去意义了。"
portrait = ExtResource("5_6b3hp")
background = ExtResource("9_7iqom")

[sub_resource type="Resource" id="Resource_kp7sq"]
script = ExtResource("1_qdux4")
character_name = "洛塔斯"
content = "人类都不知道有没有未来了。我大概也没有吧……"
portrait = ExtResource("5_6b3hp")
background = ExtResource("9_7iqom")

[sub_resource type="Resource" id="Resource_fitca"]
script = ExtResource("1_qdux4")
character_name = "祈"
content = "那么，你有想去的地方吗？"
portrait = ExtResource("2_wir1u")
background = ExtResource("9_7iqom")

[sub_resource type="Resource" id="Resource_exrcq"]
script = ExtResource("1_qdux4")
character_name = "洛塔斯"
content = "啊。"
portrait = ExtResource("4_wovay")
background = ExtResource("9_7iqom")

[sub_resource type="Resource" id="Resource_mhmmk"]
script = ExtResource("1_qdux4")
character_name = "洛塔斯"
content = "有的。"
portrait = ExtResource("4_wovay")
background = ExtResource("9_7iqom")

[sub_resource type="Resource" id="Resource_dqvxg"]
script = ExtResource("1_qdux4")
character_name = "洛塔斯"
content = "只是，我很害怕。"
portrait = ExtResource("5_6b3hp")
background = ExtResource("9_7iqom")

[sub_resource type="Resource" id="Resource_ctrsb"]
script = ExtResource("1_qdux4")
character_name = ""
content = "他没有出声。他真的很喜欢盯着别人眼睛看。"
portrait = ExtResource("2_wir1u")
background = ExtResource("9_7iqom")

[sub_resource type="Resource" id="Resource_uhy6g"]
script = ExtResource("1_qdux4")
character_name = "洛塔斯"
content = "我……我害怕我做不到，害怕自己像考得不及格一样搞砸。"
portrait = ExtResource("5_6b3hp")
background = ExtResource("9_7iqom")

[sub_resource type="Resource" id="Resource_3nogb"]
script = ExtResource("1_qdux4")
character_name = "洛塔斯"
content = "还害怕……我……"
portrait = ExtResource("4_wovay")
background = ExtResource("9_7iqom")

[sub_resource type="Resource" id="Resource_1qxfo"]
script = ExtResource("1_qdux4")
character_name = ""
content = "如鲠在喉。我的大脑在对我尖叫。"
portrait = ExtResource("4_wovay")
background = ExtResource("9_7iqom")

[sub_resource type="Resource" id="Resource_q8rhy"]
script = ExtResource("1_qdux4")
character_name = "祈"
content = "——你害怕这件事要是做成了，你就再也没有活下去的指望了。"
portrait = ExtResource("2_wir1u")
background = ExtResource("9_7iqom")

[sub_resource type="Resource" id="Resource_v2r81"]
script = ExtResource("1_qdux4")
character_name = "洛塔斯"
content = "我——"
portrait = ExtResource("4_wovay")
background = ExtResource("9_7iqom")

[sub_resource type="Resource" id="Resource_cerse"]
script = ExtResource("1_qdux4")
character_name = ""
content = "我的视线略过他，怔怔地投向窗外的枯叶。"
portrait = ExtResource("4_wovay")
background = ExtResource("9_7iqom")

[sub_resource type="Resource" id="Resource_yqwnn"]
script = ExtResource("1_qdux4")
character_name = ""
content = "我想试着把脑子里的复读机关掉。它正嘶哑地尖叫着一些模糊的词句。"
portrait = ExtResource("4_wovay")
background = ExtResource("1_3d6rb")

[sub_resource type="Resource" id="Resource_s1fl8"]
script = ExtResource("1_qdux4")
character_name = ""
content = "人活着总得有个指望。在普通的世界里，它可能没有那么明显。"
portrait = ExtResource("4_wovay")
background = ExtResource("1_3d6rb")

[sub_resource type="Resource" id="Resource_xrd5u"]
script = ExtResource("1_qdux4")
character_name = ""
content = "因为人们都默认”活着“是一件很普通的事。不需要理由。"
portrait = ExtResource("4_wovay")
background = ExtResource("1_3d6rb")

[sub_resource type="Resource" id="Resource_omfmp"]
script = ExtResource("1_qdux4")
character_name = ""
content = "死掉这个概念离人们可能有些远了，以至于考砸了可能都比死掉了严重。"
portrait = ExtResource("4_wovay")
background = ExtResource("1_3d6rb")

[sub_resource type="Resource" id="Resource_3akvq"]
script = ExtResource("1_qdux4")
character_name = ""
content = "之后……这样的世界毁灭了。秩序消失了，断水断电，社会停转……"
portrait = ExtResource("4_wovay")
background = ExtResource("1_3d6rb")

[sub_resource type="Resource" id="Resource_33c1k"]
script = ExtResource("1_qdux4")
character_name = ""
content = "以我能想象的最严重的样子。"
portrait = ExtResource("4_wovay")
background = ExtResource("1_3d6rb")

[sub_resource type="Resource" id="Resource_ww3u5"]
script = ExtResource("1_qdux4")
character_name = ""
content = "死掉现在比活着容易多了。生命脆弱的本质重新显露出来，为了保全它，人们会去做所有他们能做的。"
portrait = ExtResource("4_wovay")
background = ExtResource("1_3d6rb")

[sub_resource type="Resource" id="Resource_qqknc"]
script = ExtResource("1_qdux4")
character_name = ""
content = "活着成为了一件辛苦的、折磨的事。相当直观。"
portrait = ExtResource("4_wovay")
background = ExtResource("1_3d6rb")

[sub_resource type="Resource" id="Resource_76b1o"]
script = ExtResource("1_qdux4")
character_name = ""
content = "……所以，我为什么要活着？"
portrait = ExtResource("4_wovay")
background = ExtResource("1_3d6rb")

[sub_resource type="Resource" id="Resource_sg3c1"]
script = ExtResource("1_qdux4")
character_name = "祈"
content = "所以，那件事是什么？"
portrait = ExtResource("2_wir1u")
background = ExtResource("9_7iqom")

[sub_resource type="Resource" id="Resource_m3wwe"]
script = ExtResource("1_qdux4")
character_name = "洛塔斯"
content = "我想回去给我的家人收尸。"
portrait = ExtResource("4_wovay")
background = ExtResource("9_7iqom")

[sub_resource type="Resource" id="Resource_qfvw5"]
script = ExtResource("1_qdux4")
character_name = "祈"
content = "很简单。只要你愿意，我们可以马上行动。"
portrait = ExtResource("2_wir1u")
background = ExtResource("9_7iqom")

[sub_resource type="Resource" id="Resource_33r66"]
script = ExtResource("1_qdux4")
character_name = "洛塔斯"
content = "……那之后呢？"
portrait = ExtResource("4_wovay")
background = ExtResource("9_7iqom")

[sub_resource type="Resource" id="Resource_m23m1"]
script = ExtResource("1_qdux4")
character_name = "祈"
content = "之后，如果你不知道去哪里的话，"
portrait = ExtResource("2_wir1u")
background = ExtResource("9_7iqom")

[sub_resource type="Resource" id="Resource_uipa5"]
script = ExtResource("1_qdux4")
character_name = ""
content = "他扯了下左手上的领带。"
portrait = ExtResource("2_wir1u")
background = ExtResource("9_7iqom")

[sub_resource type="Resource" id="Resource_p7in0"]
script = ExtResource("1_qdux4")
character_name = "祈"
content = "你也许愿意陪我回去安葬我的家人。"
portrait = ExtResource("2_wir1u")
background = ExtResource("9_7iqom")

[sub_resource type="Resource" id="Resource_mhi0c"]
script = ExtResource("1_qdux4")
character_name = ""
content = "……………………"
background = ExtResource("1_3d6rb")

[sub_resource type="Resource" id="Resource_slx1a"]
script = ExtResource("1_qdux4")
character_name = ""
content = "第一章-完"
background = ExtResource("1_3d6rb")

[sub_resource type="Resource" id="Resource_122tb"]
script = ExtResource("1_qdux4")
character_name = ""
content = "未完待续"
background = ExtResource("1_3d6rb")

[resource]
script = ExtResource("2_irhlo")
dialogue_packs = Array[ExtResource("1_qdux4")]([SubResource("Resource_8kcxl"), SubResource("Resource_tm22i"), SubResource("Resource_xbimy"), SubResource("Resource_udmuy"), SubResource("Resource_4jvwd"), SubResource("Resource_f3ugm"), SubResource("Resource_otme8"), SubResource("Resource_dnpl1"), SubResource("Resource_4kkve"), SubResource("Resource_4xd4c"), SubResource("Resource_gkuc0"), SubResource("Resource_i4mwl"), SubResource("Resource_4vuy3"), SubResource("Resource_5qgyk"), SubResource("Resource_u1nhb"), SubResource("Resource_kckm5"), SubResource("Resource_ogl38"), SubResource("Resource_df1kk"), SubResource("Resource_uosb4"), SubResource("Resource_avfrn"), SubResource("Resource_7n2pm"), SubResource("Resource_t2r0w"), SubResource("Resource_jcao2"), SubResource("Resource_sj5ke"), SubResource("Resource_f3rto"), SubResource("Resource_21fi0"), SubResource("Resource_kgsut"), SubResource("Resource_gsrpa"), SubResource("Resource_x7h4p"), SubResource("Resource_vuxqe"), SubResource("Resource_bysa4"), SubResource("Resource_plnsq"), SubResource("Resource_hqwe3"), SubResource("Resource_46rkx"), SubResource("Resource_ec256"), SubResource("Resource_6gemu"), SubResource("Resource_y5mte"), SubResource("Resource_kaxmp"), SubResource("Resource_vv7bp"), SubResource("Resource_jvjkc"), SubResource("Resource_3bw2g"), SubResource("Resource_wktr5"), SubResource("Resource_jhcar"), SubResource("Resource_wdmoo"), SubResource("Resource_fqesg"), SubResource("Resource_p5sh5"), SubResource("Resource_lhc3v"), SubResource("Resource_4v1uy"), SubResource("Resource_6j36o"), SubResource("Resource_k8ctd"), SubResource("Resource_1mo13"), SubResource("Resource_gdrii"), SubResource("Resource_ili2a"), SubResource("Resource_nk6up"), SubResource("Resource_3w6fh"), SubResource("Resource_xad4k"), SubResource("Resource_0ugm3"), SubResource("Resource_m07yc"), SubResource("Resource_k0lsv"), SubResource("Resource_dxch7"), SubResource("Resource_0b5kv"), SubResource("Resource_3ifa1"), SubResource("Resource_xubsg"), SubResource("Resource_dej6h"), SubResource("Resource_38lah"), SubResource("Resource_kd4b3"), SubResource("Resource_cmuwt"), SubResource("Resource_gpqv0"), SubResource("Resource_4fhs1"), SubResource("Resource_jhqn7"), SubResource("Resource_u3f4p"), SubResource("Resource_36q2m"), SubResource("Resource_4c74t"), SubResource("Resource_ghfs5"), SubResource("Resource_gf1yk"), SubResource("Resource_chgec"), SubResource("Resource_0drx7"), SubResource("Resource_1km5r"), SubResource("Resource_m5ff1"), SubResource("Resource_kmk0k"), SubResource("Resource_urjpn"), SubResource("Resource_18ndv"), SubResource("Resource_f6o4a"), SubResource("Resource_kv6ho"), SubResource("Resource_8k1kb"), SubResource("Resource_hhcid"), SubResource("Resource_5vkhr"), SubResource("Resource_g4kt0"), SubResource("Resource_pli6j"), SubResource("Resource_demck"), SubResource("Resource_pnp51"), SubResource("Resource_hufih"), SubResource("Resource_1ahrv"), SubResource("Resource_s6um5"), SubResource("Resource_cekkj"), SubResource("Resource_cyxxe"), SubResource("Resource_t5si7"), SubResource("Resource_gfiks"), SubResource("Resource_6rii3"), SubResource("Resource_3bov0"), SubResource("Resource_7ti7b"), SubResource("Resource_fmdjf"), SubResource("Resource_d1jnd"), SubResource("Resource_e280a"), SubResource("Resource_p2i2j"), SubResource("Resource_gh5x6"), SubResource("Resource_c2r3f"), SubResource("Resource_ruw5q"), SubResource("Resource_cmhe6"), SubResource("Resource_8jbj3"), SubResource("Resource_g0gxq"), SubResource("Resource_aw8ai"), SubResource("Resource_hikvv"), SubResource("Resource_8qms7"), SubResource("Resource_nyekg"), SubResource("Resource_w5rm2"), SubResource("Resource_30lad"), SubResource("Resource_fatk4"), SubResource("Resource_13ba8"), SubResource("Resource_5xchi"), SubResource("Resource_ljpv7"), SubResource("Resource_ox4s4"), SubResource("Resource_d557e"), SubResource("Resource_v2k23"), SubResource("Resource_4vjfc"), SubResource("Resource_87yxh"), SubResource("Resource_upl1n"), SubResource("Resource_byd2r"), SubResource("Resource_q8630"), SubResource("Resource_npyad"), SubResource("Resource_n1wdy"), SubResource("Resource_6u4h8"), SubResource("Resource_q7pug"), SubResource("Resource_bjl1y"), SubResource("Resource_nvns6"), SubResource("Resource_flj01"), SubResource("Resource_o77pf"), SubResource("Resource_8jmwo"), SubResource("Resource_btcuy"), SubResource("Resource_ef0w3"), SubResource("Resource_5c2cd"), SubResource("Resource_a46bu"), SubResource("Resource_4q5ft"), SubResource("Resource_3yblo"), SubResource("Resource_e6om6"), SubResource("Resource_5fu35"), SubResource("Resource_t8bnv"), SubResource("Resource_fdhlc"), SubResource("Resource_hcwuk"), SubResource("Resource_spub1"), SubResource("Resource_iwboy"), SubResource("Resource_7txr8"), SubResource("Resource_aqslg"), SubResource("Resource_jrf6x"), SubResource("Resource_g4usf"), SubResource("Resource_dcotq"), SubResource("Resource_onqmm"), SubResource("Resource_xg6t4"), SubResource("Resource_oqh8o"), SubResource("Resource_r5xcn"), SubResource("Resource_xuckf"), SubResource("Resource_qckwg"), SubResource("Resource_ne50v"), SubResource("Resource_5auqt"), SubResource("Resource_ilj88"), SubResource("Resource_qucla"), SubResource("Resource_8klsq"), SubResource("Resource_ckr7l"), SubResource("Resource_xrun8"), SubResource("Resource_xn8ob"), SubResource("Resource_0sqk7"), SubResource("Resource_ut38r"), SubResource("Resource_2jtxx"), SubResource("Resource_8ihi2"), SubResource("Resource_pm0do"), SubResource("Resource_m8qp2"), SubResource("Resource_m6hfj"), SubResource("Resource_8s522"), SubResource("Resource_7bv8r"), SubResource("Resource_f0tky"), SubResource("Resource_wr08y"), SubResource("Resource_8sbnw"), SubResource("Resource_kp7sq"), SubResource("Resource_fitca"), SubResource("Resource_exrcq"), SubResource("Resource_mhmmk"), SubResource("Resource_dqvxg"), SubResource("Resource_ctrsb"), SubResource("Resource_uhy6g"), SubResource("Resource_3nogb"), SubResource("Resource_1qxfo"), SubResource("Resource_q8rhy"), SubResource("Resource_v2r81"), SubResource("Resource_cerse"), SubResource("Resource_yqwnn"), SubResource("Resource_s1fl8"), SubResource("Resource_xrd5u"), SubResource("Resource_omfmp"), SubResource("Resource_3akvq"), SubResource("Resource_33c1k"), SubResource("Resource_ww3u5"), SubResource("Resource_qqknc"), SubResource("Resource_76b1o"), SubResource("Resource_sg3c1"), SubResource("Resource_m3wwe"), SubResource("Resource_qfvw5"), SubResource("Resource_33r66"), SubResource("Resource_m23m1"), SubResource("Resource_uipa5"), SubResource("Resource_p7in0"), SubResource("Resource_mhi0c"), SubResource("Resource_slx1a"), SubResource("Resource_122tb")])
